<record><leader>00000cas a2200000 a 4500</leader><controlfield tag="001">37391397</controlfield><controlfield tag="008">970731d19351936nyuwr ne      0    0eng c</controlfield><datafield ind1=" " ind2=" " tag="010"><subfield code="a">sn 97063662 </subfield></datafield><datafield ind1=" " ind2=" " tag="040"><subfield code="a">NYS</subfield><subfield code="b">eng</subfield><subfield code="c">NYS</subfield><subfield code="d">OCLCQ</subfield><subfield code="d">OCLCF</subfield><subfield code="d">OCLCO</subfield></datafield><datafield ind1="1" ind2=" " tag="029"><subfield code="a">AU@</subfield><subfield code="b">000013538929</subfield></datafield><datafield ind1=" " ind2=" " tag="042"><subfield code="a">pcc</subfield></datafield><datafield ind1=" " ind2=" " tag="043"><subfield code="a">n-us-ny</subfield></datafield><datafield ind1="0" ind2="0" tag="245"><subfield code="a">Glen Cove advance.</subfield></datafield><datafield ind1="1" ind2=" " tag="246"><subfield code="i">Includes section:</subfield><subfield code="a">North Shore almanack</subfield></datafield><datafield ind1=" " ind2=" " tag="260"><subfield code="a">Glen Cove, N.Y. :</subfield><subfield code="b">Township Press,</subfield><subfield code="c">1935-</subfield></datafield><datafield ind1=" " ind2=" " tag="300"><subfield code="a">v.</subfield></datafield><datafield ind1=" " ind2=" " tag="310"><subfield code="a">Weekly</subfield></datafield><datafield ind1="0" ind2=" " tag="362"><subfield code="a">Vol. 1, no. 1 (Jan. 17, 1935)-</subfield></datafield><datafield ind1="1" ind2=" " tag="362"><subfield code="a">Ceased in 1936.</subfield></datafield><datafield ind1=" " ind2="0" tag="651"><subfield code="a">Glen Cove (N.Y.)</subfield><subfield code="v">Newspapers.</subfield></datafield><datafield ind1=" " ind2="0" tag="651"><subfield code="a">Nassau County (N.Y.)</subfield><subfield code="v">Newspapers.</subfield></datafield><datafield ind1=" " ind2="7" tag="655"><subfield code="a">Newspapers.</subfield><subfield code="2">fast</subfield><subfield code="0">(OCoLC)fst01423814</subfield></datafield><datafield ind1=" " ind2="7" tag="651"><subfield code="a">New York (State)</subfield><subfield code="z">Glen Cove.</subfield><subfield code="2">fast</subfield><subfield code="0">(OCoLC)fst01223314</subfield></datafield><datafield ind1=" " ind2="7" tag="651"><subfield code="a">New York (State)</subfield><subfield code="z">Nassau County.</subfield><subfield code="2">fast</subfield><subfield code="0">(OCoLC)fst01205518</subfield></datafield><datafield ind1=" " ind2=" " tag="752"><subfield code="a">United States</subfield><subfield code="b">New York</subfield><subfield code="c">Nassau</subfield><subfield code="d">Glen Cove.</subfield></datafield><datafield ind1="0" ind2="7" tag="785"><subfield code="t">Glen Cove record, Oyster Bay township news</subfield><subfield code="w">(DLC)sn 95071055</subfield><subfield code="w">(OCoLC)31726241</subfield></datafield><datafield ind1="0" ind2="7" tag="785"><subfield code="t">Glen Cove record, the Glen Cove advance</subfield><subfield code="w">(DLC)sn 95071041</subfield><subfield code="w">(OCoLC)31953948</subfield></datafield></record>